@inproceedings{liu2017unsupervised,
  title={Unsupervised sequence classification using sequential output statistics},
  author={Liu, Yu and Chen, Jianshu and Deng, Li},
  booktitle={Advances in Neural Information Processing Systems},
  pages={3550--3559},
  year={2017}
},
@article{brown1992class,
  title={Class-based n-gram models of natural language},
  author={Brown, Peter F and Desouza, Peter V and Mercer, Robert L and Pietra, Vincent J Della and Lai, Jenifer C},
  journal={Computational linguistics},
  volume={18},
  number={4},
  pages={467--479},
  year={1992},
  publisher={MIT Press}
},
@article{lecun1998gradient,
  title={Gradient-based learning applied to document recognition},
  author={LeCun, Yann and Bottou, L{\'e}on and Bengio, Yoshua and Haffner, Patrick and others},
  journal={Proceedings of the IEEE},
  volume={86},
  number={11},
  pages={2278--2324},
  year={1998},
  publisher={Taipei, Taiwan}
},
@misc{nielsen2010legendre,
  title={Legendre transformation and information geometry},
  author={Nielsen, Frank},
  year={2010},
  publisher={CIG-MEMO2}
},
@book{boyd2004convex,
  title={Convex optimization},
  author={Boyd, Stephen and Vandenberghe, Lieven},
  year={2004},
  publisher={Cambridge university press}
},
@article{francis1964brown,
  title={Brown corpus},
  author={Francis, W Nelson and Kucera, Henry},
  journal={Department of Linguistics, Brown University, Providence, Rhode Island},
  volume={1},
  year={1964}
},
@article{loper2002nltk,
  title={Nltk: The natural language toolkit. CoRR},
  author={Loper, Edward and Bird, Steven},
  journal={arXiv preprint cs.CL/0205028},
  year={2002}
},
@article{kay2007tesseract,
  title={Tesseract: an open-source optical character recognition engine},
  author={Kay, Anthony},
  journal={Linux Journal},
  volume={2007},
  number={159},
  pages={2},
  year={2007},
  publisher={Belltown Media}
},
@online{mnist,
  author = {LeCun, Yann and Cortes, Corinna and J.C. Burges, Christopher},
  title = {{The MNIST Database} of handwritten digits},
  url = {http://web.archive.org/web/20200120000203/http://yann.lecun.com/exdb/mnist/},
  urldate = {2020-01-20}
}